@article{andrey2016research,
  title={Research of Block-Based Motion Estimation Methods for Video Compression},
  author={Andrey, Tropchenko and Alexandr, Tropchenko and Van Truong, Nguyen},
  journal={TEM JOURNAL-TECHNOLOGY EDUCATION MANAGEMENT INFORMATICS},
  volume={5},
  number={3},
  pages={277--283},
  year={2016},
  publisher={ASSOC INFORMATION COMMUNICATION TECHNOLOGY EDUCATION \& SCIENCE HILMA ROZAJCA 15, NOVI PAZAR, 36300, SERBIA}
}

@inproceedings{bachu2015review,
  title={A review on motion estimation in video compression},
  author={Bachu, Srinivas and Chari, K Manjunatha},
  booktitle={Signal Processing And Communication Engineering Systems (SPACES), 2015 International Conference on},
  pages={250--256},
  year={2015},
  organization={IEEE}
}

@online{wiki_block_based,
  author = {Wikipedia},
  howpublished = "\url{ {https://en.0wikipedia.org/index.php?q=aHR0cHM6Ly9lbi53aWtpcGVkaWEub3JnL3dpa2kvQmxvY2stbWF0Y2hpbmdfYWxnb3JpdGht}",
  note = {Accessed: 22.11.2017}
}
